@inproceedings{OddBall,
author = {Akoglu, Leman and McGlohon, Mary and Faloutsos, Christos},
year = {2010},
month = {07},
pages = {410-421},
title = {OddBall: Spotting Anomalies in Weighted Graphs},
doi = {10.1007/978-3-642-13672-6_40}
}

@inproceedings{LOF,
author = {Breunig, Markus and Kriegel, Hans-Peter and Ng, Raymond and Sander, Joerg},
year = {2000},
month = {06},
pages = {93-104},
title = {LOF: Identifying Density-Based Local Outliers.},
volume = {29},
journal = {ACM Sigmod Record},
doi = {10.1145/342009.335388}
}

@INPROCEEDINGS{RTM,  author={L. {Akoglu} and M. {McGlohon} and C. {Faloutsos}},  booktitle={2008 Eighth IEEE International Conference on Data Mining},  title={RTM: Laws and a Recursive Generator for Weighted Time-Evolving Graphs},   year={2008},  volume={},  number={},  pages={701-706},}